@misc{NetfilterTablesVulnerability,
  title = {{Netfilter vulnerability}},
  howpublished = {\url{https://pwning.tech/nftables}},
  note = {Accessed: 2024-06-30}
}

@misc{DirtyPageTable,
  title = {{Dirty Pagetable}},
  howpublished = {\url{https://yanglingxi1993.github.io/dirty_pagetable/dirty_pagetable.html}},
  note = {Accessed: 2024-06-30}
}

@misc{LinuxDocs,
  title = {{Linux}},
  howpublished = {\url{https://docs.kernel.org}},
  note = {Accessed: 2024-06-10}
}


@misc{LinuxMM,
  title = {{LinuxMemoryManagamenet}},
  howpublished = {\url{https://linux-mm.org/PageAllocation}},
  note = {Accessed: 2024-06-10}
}

@misc{FreeListHardened,
  title = {{Freelist double free check}},
  howpublished = {\url{https://lore.kernel.org/lkml/1edb137c-356f-81d6-4592-f5dfc68e8ea9@linux.com/}},
  note = {Accessed: 2024-06-10}
}

@misc{IPFragmentation,
  title = {{Ip fragmentation}},
  howpublished = {\url{https://packetpushers.net/blog/ip-fragmentation-in-detail/}},
  note = {Accessed: 2024-06-10}
}

@misc{KernelSig,
  title = {{Kernel signature}},
  howpublished = {\url{https://github.com/notselwyn/get-sig}},
  note = {Accessed: 2024-06-10}
}

@misc{Patch,
  title = {{Kernel patch}},
  howpublished = {\url{https://lore.kernel.org/all/20240120215012.129529-1-fw@strlen.de/}},
  note = {Accessed: 2024-06-10}
}

@misc{ExploitPoC,
  title = {{Exploit PoC}},
  howpublished = {\url{https://github.com/Notselwyn/CVE-2024-1086}},
  note = {Accessed: 2024-06-10}
}
